@misc{endevco2132,
  author       = {Endevco},
  title        = {Model 2132 Accelerometer Datasheet},
  year         = {2025},
  url          = {https://buy.endevco.com/contentstore/mktgcontent/endevco/datasheet/2132.pdf},
  note         = {Accessed April 5, 2025}
}

@misc{quantumx,
  author       = {HBM},
  title        = {QuantumX CX22B-W Data Recorder},
  year         = {2025},
  url          = {https://www.hbm.com/en/2486/quantumx-cx22bw-data-recorder/?product_type_no=QuantumX%20CX22B-W%20Data%20Recorder},
  note         = {Accessed April 5, 2025}
}

@misc{tdgshaketable,
  author       = {Quakelogic and TDG},
  title        = {TDG Shake Table 250kg â€“ Datasheet},
  year         = {2025},
  url          = {https://www.quakelogic.net/datasheets/TDG-shaketable-250kg.pdf},
  note         = {Accessed April 5, 2025}
}

@misc{easytest,
  author       = {TDG},
  title        = {EasyTest Shake Table Software},
  year         = {2025},
  url          = {https://tdg.com.tr/en/products/software/easytest-shaketable},
  note         = {Accessed April 5, 2025}
}
